<record><leader>00000cas a22000007a 4500</leader><controlfield tag="001">8433945</controlfield><controlfield tag="008">820517c19029999nyuwr ne      0    0eng d</controlfield><controlfield tag="009">265</controlfield><datafield ind1=" " ind2=" " tag="010"><subfield code="a">sn 83031247 </subfield></datafield><datafield ind1=" " ind2=" " tag="040"><subfield code="a">XDM</subfield><subfield code="b">eng</subfield><subfield code="c">XDM</subfield><subfield code="d">NPU</subfield><subfield code="d">NPX</subfield><subfield code="d">NYS</subfield><subfield code="d">OCLCQ</subfield></datafield><datafield ind1="1" ind2=" " tag="029"><subfield code="a">AU@</subfield><subfield code="b">000025831531</subfield></datafield><datafield ind1=" " ind2=" " tag="037"><subfield code="b">Catskill Mt. Pub. Corp., Margaretville, NY, 12455</subfield></datafield><datafield ind1=" " ind2=" " tag="042"><subfield code="a">msc</subfield></datafield><datafield ind1="0" ind2="0" tag="245"><subfield code="a">Catskill Mountain news.</subfield></datafield><datafield ind1=" " ind2=" " tag="260"><subfield code="a">Margaretville, N.Y. :</subfield><subfield code="b">Catskill Mt. Pub. Corp.,</subfield><subfield code="c">1902-</subfield></datafield><datafield ind1=" " ind2=" " tag="300"><subfield code="a">v. :</subfield><subfield code="b">ill. ;</subfield><subfield code="c">58 cm.</subfield></datafield><datafield ind1=" " ind2=" " tag="310"><subfield code="a">Weekly</subfield></datafield><datafield ind1="0" ind2=" " tag="362"><subfield code="a">Vol. 8, no. 41 (Sept. 18, 1902)-</subfield></datafield><datafield ind1=" " ind2=" " tag="500"><subfield code="a">Special 36 p. centennial ed. published: Aug. 15, 1963.</subfield></datafield><datafield ind1=" " ind2="4" tag="651"><subfield code="a">Margaretville (N.Y.)</subfield><subfield code="v">Newspapers.</subfield></datafield><datafield ind1=" " ind2=" " tag="752"><subfield code="a">United States</subfield><subfield code="b">New York</subfield><subfield code="c">Delaware</subfield><subfield code="d">Margaretville.</subfield></datafield><datafield ind1="0" ind2="0" tag="780"><subfield code="t">Catskill Mountain news and Margaretville messenger</subfield><subfield code="w">(DLC)sn 92061689</subfield></datafield><datafield ind1="0" ind2="5" tag="780"><subfield code="t">Utilitarian</subfield><subfield code="g">1918</subfield><subfield code="w">(DLC)sn 83031251</subfield></datafield></record>